@PhdThesis{Chorianopoulos_2004,
  author        = {Χωριανόπουλος, Κωνσταντίνος},
  title         = {{Αμφίδρομα Κανάλια Τηλεόρασης: Μοντέλο
  σχεδίασης, υλοποίηση, και αξιολόγηση της συναισθηματικής ποιότητας της
  διεπαφής με το χρήστη}},
  school        = {Οικονομικό Πανεπιστήμιο Αθήνας},
  year          = {2004},
  pages         = {198},
}

@MScThesis{Chorianopoulos_2001,
  author        = {Χωριανόπουλος, Κωνσταντίνος},
  title         = {{Σχεδίαση της διεπαφής με το χρήστη και
  αξιολόγηση της ευχρηστίας για εφαρμογές αμφίδρομης διαφήμισης στην
  ψηφιακή τηλεόραση}},
  school        = {Οικονομικό Πανεπιστήμιο Αθήνας},
  year          = {2001},
  pages         = {140},
}

@MScThesis{Chorianopoulos_1999,
  author        = {Χωριανόπουλος, Κωνσταντίνος},
  title         = {{Σύστημα για την ανάπτυξη εφαρμογών
  γεωγραφικής πληροφόρησης στον παγκόσμιο ιστό}},
  school        = {Πολυτεχνείο Κρήτης},
  year          = {1999},
  pages         = {115},
}
